@misc{project,
  author = {UiO},
  title = {Project 5},
  url = {https://github.com/anderkve/FYS3150/blob/master/book/projects/project5.md},
  urldate = {8.12.2022}
}

@misc{millennium,
  author = {William L. Hosch},
  title = {Millennium Problem},
  url = {https://www.britannica.com/science/Millennium-Problem},
  urldate = {9.12.2022}
}

@misc{experiment,
  author = {The Editors of Encyclopaedia Britannica},
  title = {Young's experiment},
  url = {https://www.britannica.com/science/Youngs-experiment},
  urldate = {9.12.2022}
}

@book{compendium,
author = {Hjorth-Jensen, Morten},
title = {Computational Physics},
publisher = { Department of Physics, University of Oslo},
year = {2015},
adress = {Oslo}
}
@techreport{superlu_ug99,
     AUTHOR = {X.S. Li and J.W. Demmel and J.R. Gilbert and iL. Grigori and M. Shao and
          I. Yamazaki},
     INSTITUTION = {Lawrence Berkeley National Laboratory},
     NUMBER = {LBNL-44289},
     TITLE = {{SuperLU Users' Guide}},
     MONTH = {September},
     YEAR = {1999},
     NOTE = "\url{https://portal.nersc.gov/project/sparse/superlu/ug.pdf} 
             Last update: June 2018"
}