@misc{project,
  author = {UiO},
  title = {Project 4},
  url = 
  urldate = 
}

@book{compendium,
author = {Hjorth-Jensen, Morten},
title = {Computational Physics},
publisher = { Department of Physics, University of Oslo},
year = {2015},
adress = {Oslo}
}
